<?xml version="1.0" encoding="UTF-8"?><record xmlns="http://www.loc.gov/MARC21/slim" xmlns:cinclude="http://apache.org/cocoon/include/1.0" xmlns:zs="http://www.loc.gov/zing/srw/">
  <leader>00360nz  a2200121n  4500</leader>
  <controlfield tag="001">n  87140819 </controlfield>
  <controlfield tag="003">DLC</controlfield>
  <controlfield tag="005">19871103175428.3</controlfield>
  <controlfield tag="008">871103n| acannaab|          |n aad |||  </controlfield>
  <datafield tag="010" ind1=" " ind2=" ">
    <subfield code="a">n  87140819 </subfield>
  </datafield>
  <datafield tag="040" ind1=" " ind2=" ">
    <subfield code="a">DLC</subfield>
    <subfield code="c">DLC</subfield>
  </datafield>
  <datafield tag="100" ind1="1" ind2="0">
    <subfield code="a">Kammler, Peter,</subfield>
    <subfield code="d">1936-</subfield>
  </datafield>
  <datafield tag="670" ind1=" " ind2=" ">
    <subfield code="a">nuc87-114381: His Das Atoll, 1982</subfield>
    <subfield code="b">(hdg. on MoSW rept.: Kammler, Peter, 1936- ; usage: Peter Kammler)</subfield>
  </datafield>
</record>